@online{colors,
    title = "Coolors",
    url  = "https://coolors.co/",
    keywords = "colors"
}
@online{android,
    title = "Android Studio",
    url  = "https://developer.android.com/docs",
    keywords = "android"
}
@online{xcode,
    title = "Xcode",
    url  = "https://developer.apple.com/design/",
    keywords = "x"
}
@online{inskape,
    title = "Xcode",
    url  = "https://inkscape.org/fr/",
    keywords = "inskape"
}